000001662 FMT   L BK
000001662 LDR   L 01307ccm^a2200385Ia^4500
000001662 001   L 000001662
000001662 005   L 20140804085415.0
000001662 008   L 740912s1950^^^^nyuzzz^^^^^^^^^n^^^^N/Amd
000001662 02832 L $$aPa. No. 89$$bBoosey & Hawkes
000001662 02822 L $$aB. & H. 16968$$bBoosey & Hawkes
000001662 035   L $$a(OCoLC)ocm01005215
000001662 0359  L $$aAMH-10037792
000001662 040   L $$aTLM$$cTLM$$dOCL$$dm.c.$$dUUM$$dAMH$$dUtOrBLW
000001662 0450  L $$bd190806
000001662 048   L $$aka01
000001662 090   L $$aM24.B315$$bE3 1950
000001662 099   L $$aM781.1$$aB285ea$$aB
000001662 1001  L $$aBartók, Béla,$$d1881-1945.
000001662 24010 L $$aKönnyű zongoradarabok
000001662 24510 L $$aTen easy piano pieces :$$bpiano solo /$$cBéla Bartók.
000001662 264 1 L $$aNew York :$$bBoosey & Hawkes,$$c[1950]
000001662 264 4 L $$c©1950
000001662 300   L $$a16 pages of music ;$$c31 cm
000001662 336   L $$anotated music$$bntm$$2rdacontent
000001662 337   L $$aunmediated$$bn$$2rdamedia
000001662 338   L $$avolume$$bnc$$2rdacarrier
000001662 5050  L $$aDedication -- Peasant song -- Painful struggle -- Dance of the Slovaks -- Sostenuto -- Evening in the country -- Hungarian folk song -- Aurora --Folk song -- Finger exercise -- Bear dance.
000001662 650 0 L $$aPiano music.
000001662 998   L $$aa$$b12-01-93$$cm$$dc$$e-$$fn/a$$gnyu$$h0
000001662 OWN   L $$aAM
000001662 049   L $$aAMHI
000001662 907   L $$a.b10037792$$b03-31-06$$c12-03-93
000001662 910   L $$arecon Nv86 11Je65
000001662 92800 L $$aRETURNED20140812
