000006904 FMT   L BK
000006904 LDR   L 01316cam^a2200337I^^4500
000006904 001   L 000006904
000006904 005   L 20140804085932.0
000006904 008   L 741121s1906^^^^enk^^^^^^^^^^^000^0^engmd
000006904 010   L $$a07028942
000006904 035   L $$a(OCoLC)ocm01082960
000006904 0359  L $$aAMH-10154292
000006904 040   L $$cOUN$$dm.c.$$dAMH$$dUtOrBLW
000006904 050 0 L $$aPR2910$$b.R7
000006904 099   L $$a822.33Z$$aR746s
000006904 1001  L $$aDe Rothschild, J. A.$$q(James Armand),$$d1878-1957.
000006904 24510 L $$aShakespeare and his day ;$$ba study of the topical element in Shakespeare and in the Elizabethan drama /$$cbeing the Harness prize essay, 1901. by J. A. de Rothschild ... 2d impression.
000006904 264 1 L $$aLondon :$$bE. Arnold,$$c1906.
000006904 300   L $$axi, 251 pages ;$$c20 cm
000006904 336   L $$atext$$btxt$$2rdacontent
000006904 337   L $$aunmediated$$bn$$2rdamedia
000006904 338   L $$avolume$$bnc$$2rdacarrier
000006904 5831  L $$acommitted to retain$$c20160630$$d20310630$$fEAST$$uhttp://eastlibraries.org/retained-materials$$zAmherst College copy: EAST commitment$$5MA
000006904 60010 L $$aShakespeare, William,$$d1564-1616.
000006904 650 0 L $$aEnglish drama$$yEarly modern and Elizabethan, 1500-1600$$xHistory and criticism.
000006904 651 0 L $$aEngland$$xSocial life and customs.
000006904 998   L $$aa$$b12-01-93$$cm$$da$$e-$$feng$$genk$$h0
000006904 OWN   L $$aAM
000006904 049   L $$aAMHH
000006904 907   L $$a.b10154292$$b03-31-06$$c12-03-93
000006904 92800 L $$aRETURNED20140812
